@InProceedings{ImageContoursDetection,
author="Molek, Vojtech",
editor="Kacprzyk, Janusz
and Szmidt, Eulalia
and Zadrozny, Slawomir
and Atanassov, K. T.
and Krawczak, Maciej",
title="Image Contours Detection with Deep Features and SVM",
booktitle="Advances in Fuzzy Logic and Technology 2017",
year="2018",
publisher="Springer International Publishing",
address="Cham",
pages="546--553",
abstract="This contribution introduces the image contours detection based on the features extracted by a deep convolutional neural network. Popular pre-trained network VGG19 was used to extract 5504 different features for each input image pixel and then classified by a neural network with SVM classifier.",
isbn="978-3-319-66824-6"
}

@article{NeuralStyle,
  author    = {Leon A. Gatys and
               Alexander S. Ecker and
               Matthias Bethge},
  title     = {A Neural Algorithm of Artistic Style},
  journal   = {CoRR},
  volume    = {abs/1508.06576},
  year      = {2015},
  url       = {http://arxiv.org/abs/1508.06576},
  archivePrefix = {arXiv},
  eprint    = {1508.06576},
  timestamp = {Mon, 13 Aug 2018 16:48:03 +0200},
  biburl    = {https://dblp.org/rec/bib/journals/corr/GatysEB15a},
  bibsource = {dblp computer science bibliography, https://dblp.org}
}

@article{DemystifyingNeuralStyle,
  author    = {Yanghao Li and
               Naiyan Wang and
               Jiaying Liu and
               Xiaodi Hou},
  title     = {Demystifying Neural Style Transfer},
  journal   = {CoRR},
  volume    = {abs/1701.01036},
  year      = {2017},
  url       = {http://arxiv.org/abs/1701.01036},
  archivePrefix = {arXiv},
  eprint    = {1701.01036},
  timestamp = {Mon, 13 Aug 2018 16:47:59 +0200},
  biburl    = {https://dblp.org/rec/bib/journals/corr/LiWLH17},
  bibsource = {dblp computer science bibliography, https://dblp.org}
}

@article{differentiable_image_parametrizations,
  author = {Mordvintsev, Alexander and Pezzotti, Nicola and Schubert, Ludwig and Olah, Chris},
  title = {Differentiable Image Parameterizations},
  journal = {Distill},
  year = {2018},
  note = {https://distill.pub/2018/differentiable-parameterizations},
  doi = {10.23915/distill.00012}
}

@article{AdaIN_Style_Transfer,
  author    = {Xun Huang and
               Serge J. Belongie},
  title     = {Arbitrary Style Transfer in Real-time with Adaptive Instance Normalization},
  journal   = {CoRR},
  volume    = {abs/1703.06868},
  year      = {2017},
  url       = {http://arxiv.org/abs/1703.06868},
  archivePrefix = {arXiv},
  eprint    = {1703.06868},
  timestamp = {Mon, 13 Aug 2018 16:46:12 +0200},
  biburl    = {https://dblp.org/rec/bib/journals/corr/HuangB17},
  bibsource = {dblp computer science bibliography, https://dblp.org}
}

@article{CycleGAN,
  author    = {Jun{-}Yan Zhu and
               Taesung Park and
               Phillip Isola and
               Alexei A. Efros},
  title     = {Unpaired Image-to-Image Translation using Cycle-Consistent Adversarial
               Networks},
  journal   = {CoRR},
  volume    = {abs/1703.10593},
  year      = {2017},
  url       = {http://arxiv.org/abs/1703.10593},
  archivePrefix = {arXiv},
  eprint    = {1703.10593},
  timestamp = {Mon, 13 Aug 2018 16:48:06 +0200},
  biburl    = {https://dblp.org/rec/bib/journals/corr/ZhuPIE17},
  bibsource = {dblp computer science bibliography, https://dblp.org}
}

@misc{StyleGAN,
Author = {Tero Karras and Samuli Laine and Timo Aila},
Title = {A Style-Based Generator Architecture for Generative Adversarial Networks},
Year = {2018},
Eprint = {arXiv:1812.04948},
}


@article{Text_Style_Transfer_Exploration_and_Evaluation,
  author    = {Zhenxin Fu and
               Xiaoye Tan and
               Nanyun Peng and
               Dongyan Zhao and
               Rui Yan},
  title     = {Style Transfer in Text: Exploration and Evaluation},
  journal   = {CoRR},
  volume    = {abs/1711.06861},
  year      = {2017},
  url       = {http://arxiv.org/abs/1711.06861},
  archivePrefix = {arXiv},
  eprint    = {1711.06861},
  timestamp = {Mon, 13 Aug 2018 16:47:34 +0200},
  biburl    = {https://dblp.org/rec/bib/journals/corr/abs-1711-06861},
  bibsource = {dblp computer science bibliography, https://dblp.org}
}

@article{UnsupervisedMT,
  author    = {Mikel Artetxe and
               Gorka Labaka and
               Eneko Agirre and
               Kyunghyun Cho},
  title     = {Unsupervised Neural Machine Translation},
  journal   = {CoRR},
  volume    = {abs/1710.11041},
  year      = {2017},
  url       = {http://arxiv.org/abs/1710.11041},
  archivePrefix = {arXiv},
  eprint    = {1710.11041},
  timestamp = {Mon, 13 Aug 2018 16:47:05 +0200},
  biburl    = {https://dblp.org/rec/bib/journals/corr/abs-1710-11041},
  bibsource = {dblp computer science bibliography, https://dblp.org}
}

@article{PhraseBasedUNMT,
  author    = {Guillaume Lample and
               Myle Ott and
               Alexis Conneau and
               Ludovic Denoyer and
               Marc'Aurelio Ranzato},
  title     = {Phrase-Based {\&} Neural Unsupervised Machine Translation},
  journal   = {CoRR},
  volume    = {abs/1804.07755},
  year      = {2018},
  url       = {http://arxiv.org/abs/1804.07755},
  archivePrefix = {arXiv},
  eprint    = {1804.07755},
  timestamp = {Mon, 13 Aug 2018 16:48:35 +0200},
  biburl    = {https://dblp.org/rec/bib/journals/corr/abs-1804-07755},
  bibsource = {dblp computer science bibliography, https://dblp.org}
}

@article{UnsupervisedWT,
  author    = {Alexis Conneau and
               Guillaume Lample and
               Marc'Aurelio Ranzato and
               Ludovic Denoyer and
               Herv{\'{e}} J{\'{e}}gou},
  title     = {Word Translation Without Parallel Data},
  journal   = {CoRR},
  volume    = {abs/1710.04087},
  year      = {2017},
  url       = {http://arxiv.org/abs/1710.04087},
  archivePrefix = {arXiv},
  eprint    = {1710.04087},
  timestamp = {Mon, 13 Aug 2018 16:48:22 +0200},
  biburl    = {https://dblp.org/rec/bib/journals/corr/abs-1710-04087},
  bibsource = {dblp computer science bibliography, https://dblp.org}
}

@article{StyleTransferByCrossAlignment,
  author    = {Tianxiao Shen and
               Tao Lei and
               Regina Barzilay and
               Tommi S. Jaakkola},
  title     = {Style Transfer from Non-Parallel Text by Cross-Alignment},
  journal   = {CoRR},
  volume    = {abs/1705.09655},
  year      = {2017},
  url       = {http://arxiv.org/abs/1705.09655},
  archivePrefix = {arXiv},
  eprint    = {1705.09655},
  timestamp = {Mon, 13 Aug 2018 16:49:15 +0200},
  biburl    = {https://dblp.org/rec/bib/journals/corr/ShenLBJ17},
  bibsource = {dblp computer science bibliography, https://dblp.org}
}

@article{TowardControlledGenerationOfText,
  author    = {Zhiting Hu and
               Zichao Yang and
               Xiaodan Liang and
               Ruslan Salakhutdinov and
               Eric P. Xing},
  title     = {Controllable Text Generation},
  journal   = {CoRR},
  volume    = {abs/1703.00955},
  year      = {2017},
  url       = {http://arxiv.org/abs/1703.00955},
  archivePrefix = {arXiv},
  eprint    = {1703.00955},
  timestamp = {Mon, 13 Aug 2018 16:46:31 +0200},
  biburl    = {https://dblp.org/rec/bib/journals/corr/HuYLSX17},
  bibsource = {dblp computer science bibliography, https://dblp.org}
}

@article{SentimentTransferWithRL,
  author    = {Jingjing Xu and
               Xu Sun and
               Qi Zeng and
               Xuancheng Ren and
               Xiaodong Zhang and
               Houfeng Wang and
               Wenjie Li},
  title     = {Unpaired Sentiment-to-Sentiment Translation: {A} Cycled Reinforcement
               Learning Approach},
  journal   = {CoRR},
  volume    = {abs/1805.05181},
  year      = {2018},
  url       = {http://arxiv.org/abs/1805.05181},
  archivePrefix = {arXiv},
  eprint    = {1805.05181},
  timestamp = {Wed, 10 Oct 2018 16:58:35 +0200},
  biburl    = {https://dblp.org/rec/bib/journals/corr/abs-1805-05181},
  bibsource = {dblp computer science bibliography, https://dblp.org}
}

@article{StyleTransferViaBackTranslation,
  author    = {Shrimai Prabhumoye and
               Yulia Tsvetkov and
               Ruslan Salakhutdinov and
               Alan W. Black},
  title     = {Style Transfer Through Back-Translation},
  journal   = {CoRR},
  volume    = {abs/1804.09000},
  year      = {2018},
  url       = {http://arxiv.org/abs/1804.09000},
  archivePrefix = {arXiv},
  eprint    = {1804.09000},
  timestamp = {Mon, 13 Aug 2018 16:48:22 +0200},
  biburl    = {https://dblp.org/rec/bib/journals/corr/abs-1804-09000},
  bibsource = {dblp computer science bibliography, https://dblp.org}
}

@article{StyleTransferWithLMDiscriminators,
  author    = {Zichao Yang and
               Zhiting Hu and
               Chris Dyer and
               Eric P. Xing and
               Taylor Berg{-}Kirkpatrick},
  title     = {Unsupervised Text Style Transfer using Language Models as Discriminators},
  journal   = {CoRR},
  volume    = {abs/1805.11749},
  year      = {2018},
  url       = {http://arxiv.org/abs/1805.11749},
  archivePrefix = {arXiv},
  eprint    = {1805.11749},
  timestamp = {Mon, 13 Aug 2018 16:46:33 +0200},
  biburl    = {https://dblp.org/rec/bib/journals/corr/abs-1805-11749},
  bibsource = {dblp computer science bibliography, https://dblp.org}
}

@article{StyleTransferViaSoftBackTranslation,
  author    = {Lajanugen Logeswaran and
               Honglak Lee and
               Samy Bengio},
  title     = {Content preserving text generation with attribute controls},
  journal   = {CoRR},
  volume    = {abs/1811.01135},
  year      = {2018},
  url       = {http://arxiv.org/abs/1811.01135},
  archivePrefix = {arXiv},
  eprint    = {1811.01135},
  timestamp = {Thu, 22 Nov 2018 17:58:30 +0100},
  biburl    = {https://dblp.org/rec/bib/journals/corr/abs-1811-01135},
  bibsource = {dblp computer science bibliography, https://dblp.org}
}


@article{MultipleAttributeTextStyleTransfer,
  author    = {Sandeep Subramanian and
               Guillaume Lample and
               Eric Michael Smith and
               Ludovic Denoyer and
               Marc'Aurelio Ranzato and
               Y{-}Lan Boureau},
  title     = {Multiple-Attribute Text Style Transfer},
  journal   = {CoRR},
  volume    = {abs/1811.00552},
  year      = {2018},
  url       = {http://arxiv.org/abs/1811.00552},
  archivePrefix = {arXiv},
  eprint    = {1811.00552},
  timestamp = {Thu, 22 Nov 2018 17:58:30 +0100},
  biburl    = {https://dblp.org/rec/bib/journals/corr/abs-1811-00552},
  bibsource = {dblp computer science bibliography, https://dblp.org}
}


@article{ARAE,
  author    = {Junbo Jake Zhao and
               Yoon Kim and
               Kelly Zhang and
               Alexander M. Rush and
               Yann LeCun},
  title     = {Adversarially Regularized Autoencoders for Generating Discrete Structures},
  journal   = {CoRR},
  volume    = {abs/1706.04223},
  year      = {2017},
  url       = {http://arxiv.org/abs/1706.04223},
  archivePrefix = {arXiv},
  eprint    = {1706.04223},
  timestamp = {Mon, 13 Aug 2018 16:49:09 +0200},
  biburl    = {https://dblp.org/rec/bib/journals/corr/ZhaoKZRL17},
  bibsource = {dblp computer science bibliography, https://dblp.org}
}


@article{Sentence_generation_methods_comparison,
  author    = {Ondrej C{\'{\i}}fka and
               Aliaksei Severyn and
               Enrique Alfonseca and
               Katja Filippova},
  title     = {Eval all, trust a few, do wrong to none: Comparing sentence generation
               models},
  journal   = {CoRR},
  volume    = {abs/1804.07972},
  year      = {2018},
  url       = {http://arxiv.org/abs/1804.07972},
  archivePrefix = {arXiv},
  eprint    = {1804.07972},
  timestamp = {Mon, 13 Aug 2018 16:47:21 +0200},
  biburl    = {https://dblp.org/rec/bib/journals/corr/abs-1804-07972},
  bibsource = {dblp computer science bibliography, https://dblp.org}
}


@article{AAE,
  author    = {Alireza Makhzani and
               Jonathon Shlens and
               Navdeep Jaitly and
               Ian J. Goodfellow},
  title     = {Adversarial Autoencoders},
  journal   = {CoRR},
  volume    = {abs/1511.05644},
  year      = {2015},
  url       = {http://arxiv.org/abs/1511.05644},
  archivePrefix = {arXiv},
  eprint    = {1511.05644},
  timestamp = {Mon, 13 Aug 2018 16:46:23 +0200},
  biburl    = {https://dblp.org/rec/bib/journals/corr/MakhzaniSJG15},
  bibsource = {dblp computer science bibliography, https://dblp.org}
}

@article{MMD,
 author = {Gretton, Arthur and Borgwardt, Karsten M. and Rasch, Malte J. and Sch\"{o}lkopf, Bernhard and Smola, Alexander},
 title = {A Kernel Two-sample Test},
 journal = {J. Mach. Learn. Res.},
 issue_date = {3/1/2012},
 volume = {13},
 month = mar,
 year = {2012},
 issn = {1532-4435},
 pages = {723--773},
 numpages = {51},
 url = {http://dl.acm.org/citation.cfm?id=2188385.2188410},
 acmid = {2188410},
 publisher = {JMLR.org},
 keywords = {hypothesis testing, integral probability metric, kernel methods, schema matching, two-sample test, uniform convergence bounds},
}
