@misc{XLNet,
Author = {Zhilin Yang and Zihang Dai and Yiming Yang and Jaime Carbonell and Ruslan Salakhutdinov and Quoc V. Le},
Title = {XLNet: Generalized Autoregressive Pretraining for Language Understanding},
Year = {2019},
Eprint = {arXiv:1906.08237},
}
